
@article{Agarwal2008,
  author  = {Agarwal, P. K. and Karpicke, J. D. and Kang, S. H. and Roediger III, H. L. and McDermott, K. B.},
  title   = {Examining the testing effect with open- and closed-book tests},
  journal = {Applied Cognitive Psychology},
  volume  = {22},
  number  = {7},
  pages   = {861--876},
  year    = {2008}
}

@article{Augustin2014,
  author  = {Augustin, M.},
  title   = {How to learn effectively in medical school: test yourself, learn actively, and repeat in intervals},
  journal = {The Yale Journal of Biology and Medicine},
  volume  = {87},
  number  = {2},
  pages   = {207},
  year    = {2014}
}

@article{Bahrick1979,
  author  = {Bahrick, H. P.},
  title   = {Maintenance of knowledge: Questions about memory we forgot to ask},
  journal = {Journal of Experimental Psychology: General},
  volume  = {108},
  number  = {3},
  pages   = {296},
  year    = {1979}
}

@article{BednallKehoe2011,
  author  = {Bednall, T. C. and Kehoe, E. J.},
  title   = {Effects of self-regulatory instructional aids on self-directed study},
  journal = {Instructional Science},
  volume  = {39},
  number  = {2},
  pages   = {205--226},
  year    = {2011}
}

@article{BretzingKulhavy1979,
  author  = {Bretzing, B. H. and Kulhavy, R. W.},
  title   = {Notetaking and depth of processing},
  journal = {Contemporary Educational Psychology},
  volume  = {4},
  number  = {2},
  pages   = {145--153},
  year    = {1979}
}

@book{Brown2014MakeItStick,
  author    = {Brown, Peter C. and Roediger, Henry L., III and McDaniel, Mark A.},
  title     = {Make It Stick},
  publisher = {Harvard University Press},
  year      = {2014}
}

@article{CallenderMcDaniel2009,
  author  = {Callender, A. A. and McDaniel, M. A.},
  title   = {The limited benefits of rereading educational texts},
  journal = {Contemporary Educational Psychology},
  volume  = {34},
  number  = {1},
  pages   = {30--41},
  year    = {2009}
}

@article{CashenLeicht1970,
  author  = {Cashen, V. M. and Leicht, K. L.},
  title   = {Role of the isolation effect in a formal educational setting},
  journal = {Journal of Educational Psychology},
  volume  = {61},
  number  = {6p1},
  pages   = {484},
  year    = {1970}
}

@article{Cepeda2006,
  author  = {Cepeda, N. J. and Pashler, H. and Vul, E. and Wixted, J. T. and Rohrer, D.},
  title   = {Distributed practice in verbal recall tasks: A review and quantitative synthesis},
  journal = {Psychological Bulletin},
  volume  = {132},
  number  = {3},
  pages   = {354},
  year    = {2006}
}

@article{Cepeda2008,
  author  = {Cepeda, N. J. and Vul, E. and Rohrer, D. and Wixted, J. T. and Pashler, H.},
  title   = {Spacing effects in learning: A temporal ridgeline of optimal retention},
  journal = {Psychological Science},
  volume  = {19},
  number  = {11},
  pages   = {1095--1102},
  year    = {2008}
}

@article{Dunlosky2013,
  author  = {Dunlosky, J. and Rawson, K. A. and Marsh, E. J. and Nathan, M. J. and Willingham, D. T.},
  title   = {Improving studentsâ€™ learning with effective learning techniques: Promising directions from cognitive and educational psychology},
  journal = {Psychological Science in the Public Interest},
  volume  = {14},
  number  = {1},
  pages   = {4--58},
  year    = {2013}
}

@article{Golding2012,
  author  = {Golding, J. M. and Wasarhaley, N. E. and Fletcher, B.},
  title   = {The use of flashcards in an introduction to psychology class},
  journal = {Teaching of Psychology},
  volume  = {39},
  number  = {3},
  pages   = {199--202},
  year    = {2012}
}

@article{Gurung2005,
  author  = {Gurung, R. A.},
  title   = {How do students really study (and does it matter)},
  journal = {Education},
  volume  = {39},
  pages   = {323--340},
  year    = {2005}
}

@article{HartwigDunlosky2012,
  author  = {Hartwig, M. K. and Dunlosky, J.},
  title   = {Study strategies of college students: Are self-testing and scheduling related to achievement?},
  journal = {Psychonomic Bulletin \& Review},
  volume  = {19},
  number  = {1},
  pages   = {126--134},
  year    = {2012}
}

@article{Janiszewski2003,
  author  = {Janiszewski, C. and Noel, H. and Sawyer, A. G.},
  title   = {A meta-analysis of the spacing effect in verbal learning: Implications for research on advertising repetition and consumer memory},
  journal = {Journal of Consumer Research},
  volume  = {30},
  number  = {1},
  pages   = {138--149},
  year    = {2003}
}

@article{Karpicke2009,
  author  = {Karpicke, J. D. and Butler, A. C. and Roediger III, H. L.},
  title   = {Metacognitive strategies in student learning: do students practise retrieval when they study on their own?},
  journal = {Memory},
  volume  = {17},
  number  = {4},
  pages   = {471--479},
  year    = {2009}
}

@article{King1992,
  author  = {King, A.},
  title   = {Comparison of self-questioning, summarizing, and notetaking-review as strategies for learning from lectures},
  journal = {American Educational Research Journal},
  volume  = {29},
  number  = {2},
  pages   = {303--323},
  year    = {1992}
}

@article{Kornell2009,
  author  = {Kornell, N.},
  title   = {Optimising learning using flashcards: Spacing is more effective than cramming},
  journal = {Applied Cognitive Psychology},
  volume  = {23},
  number  = {9},
  pages   = {1297--1317},
  year    = {2009}
}

@article{Larsen2009,
  author  = {Larsen, D. P. and Butler, A. C. and Roediger III, H. L.},
  title   = {Repeated testing improves long-term retention relative to repeated study: a randomised controlled trial},
  journal = {Medical Education},
  volume  = {43},
  number  = {12},
  pages   = {1174--1181},
  year    = {2009}
}

@article{LorchKlusewitz1995,
  author  = {Lorch, E. P. and Klusewitz, M. A.},
  title   = {Effects of typographical cues on reading and recall of text},
  journal = {Contemporary Educational Psychology},
  volume  = {20},
  number  = {1},
  pages   = {51--64},
  year    = {1995}
}

@article{McDaniel2007,
  author  = {McDaniel, M. A. and Anderson, J. L. and Derbish, M. H. and Morrisette, N.},
  title   = {Testing the testing effect in the classroom},
  journal = {European Journal of Cognitive Psychology},
  volume  = {19},
  number  = {4--5},
  pages   = {494--513},
  year    = {2007}
}

@article{Miyatsu2018,
  author  = {Miyatsu, T. and Nguyen, K. and McDaniel, M. A.},
  title   = {Five popular study strategies: Their pitfalls and optimal implementations},
  journal = {Perspectives on Psychological Science},
  volume  = {13},
  number  = {3},
  pages   = {390--407},
  year    = {2018}
}

@article{Peterson1991,
  author  = {Peterson, S. E.},
  title   = {The cognitive functions of underlining as a study technique},
  journal = {Literacy Research and Instruction},
  volume  = {31},
  number  = {2},
  pages   = {49--56},
  year    = {1991}
}

@article{RawsonDunlosky2012,
  author  = {Rawson, K. A. and Dunlosky, K.},
  title   = {When is practice testing most effective for improving the durability and efficiency of student learning?},
  journal = {Educational Psychology Review},
  volume  = {24},
  number  = {3},
  pages   = {419--435},
  year    = {2012}
}

@article{RickardsAugust1975,
  author  = {Rickards, J. P. and August, G. J.},
  title   = {Generative underlining strategies in prose recall},
  journal = {Journal of Educational Psychology},
  volume  = {67},
  number  = {6},
  pages   = {860},
  year    = {1975}
}

@article{RickardsDenner1979,
  author  = {Rickards, J. P. and Denner, P. R.},
  title   = {Depressive effects of underlining and adjunct questions on children's recall of text},
  journal = {Instructional Science},
  volume  = {8},
  number  = {1},
  pages   = {81--90},
  year    = {1979}
}

@article{Rinehart1986,
  author  = {Rinehart, S. D. and Stahl, S. A. and Erickson, L. G.},
  title   = {Some effects of summarization training on reading and studying},
  journal = {Reading Research Quarterly},
  pages   = {422--438},
  year    = {1986}
}

@article{RoedigerButler2011,
  author  = {Roediger III, H. L. and Butler, A. C.},
  title   = {The critical role of retrieval practice in long-term retention},
  journal = {Trends in Cognitive Sciences},
  volume  = {15},
  number  = {1},
  pages   = {20--27},
  year    = {2011}
}

@article{RoedigerPyc2012,
  author  = {Roediger III, H. L. and Pyc, M. A.},
  title   = {Inexpensive techniques to improve education: Applying cognitive psychology to enhance educational practice},
  journal = {Journal of Applied Research in Memory and Cognition},
  volume  = {1},
  number  = {4},
  pages   = {242--248},
  year    = {2012}
}

@article{RohrerPashler2007,
  author  = {Rohrer, D. and Pashler, H.},
  title   = {Increasing retention without increasing study time},
  journal = {Current Directions in Psychological Science},
  volume  = {16},
  number  = {4},
  pages   = {183--186},
  year    = {2007}
}

@article{Schmidmaier2011,
  author  = {Schmidmaier, R. and Ebersbach, R. and Schiller, M. and Hege, I. and Holzer, M. and Fischer, M. R.},
  title   = {Using electronic flashcards to promote learning in medical students: retesting versus restudying},
  journal = {Medical Education},
  volume  = {45},
  number  = {11},
  pages   = {1101--1110},
  year    = {2011}
}

@book{SmithFirth2018,
  author    = {Smith, M. and Firth, J.},
  title     = {Psychology in the Classroom: A Teacher's Guide to What Works},
  publisher = {Routledge},
  year      = {2018}
}

@article{Weinstein2010,
  author  = {Weinstein, Y. and McDermott, K. B. and Roediger III, H. L.},
  title   = {A comparison of study strategies for passages: Rereading, answering questions, and generating questions},
  journal = {Journal of Experimental Psychology: Applied},
  volume  = {16},
  number  = {3},
  pages   = {308},
  year    = {2010}
}

@inproceedings{Winchell2018,
  author    = {Winchell, A. and Mozer, M. and Lan, A. S. and Grimaldi, P. and Pashler, H.},
  title     = {Textbook annotations as an early predictor of student learning},
  booktitle = {Proceedings of the International Conference on Educational Data Mining (EDM)},
  year      = {2018}
}

@article{Yik2018,
  author  = {Yik, N. C. and Yi, L. X. and Somadam, S. T. N. and Amirudin, A. E. B. and Ananthan, S.},
  title   = {Effect of Highlighting Text on Concentration, Memory and Attention Among Undergraduate Medical Students: A Randomized Controlled Trial},
  journal = {American Journal of Educational Science},
  volume  = {4},
  number  = {4},
  pages   = {149--158},
  year    = {2018}
}

@article{Yue2015,
  author  = {Yue, C. L. and Storm, B. C. and Kornell, N. and Bjork, E. L.},
  title   = {Highlighting and its relation to distributed study and studentsâ€™ metacognitive beliefs},
  journal = {Educational Psychology Review},
  volume  = {27},
  number  = {1},
  pages   = {69--78},
  year    = {2015}
}
